@online{goose,
  author = {Abstruse Goose},
  title = {Schrödinger's Infinitesimal Miscalculation},
  url = {https://abstrusegoose.com/6},
  urldate = {2019-10-06}
}

@incollection{goldreich,
  title={In a world of P= BPP},
  author={Goldreich, Oded},
  booktitle={Studies in Complexity and Cryptography. Miscellanea on the Interplay between Randomness and Computation},
  pages={191--232},
  year={2011},
  publisher={Springer}
}

@article{schrodinger,
  title={Die gegenw{\"a}rtige Situation in der Quantenmechanik},
  author={Schr{\"o}dinger, Erwin},
  journal={Naturwissenschaften},
  volume={23},
  number={49},
  pages={823--828},
  year={1935},
  publisher={Springer}
}

@article{deutsch,
  title={Quantum theory, the Church--Turing principle and the universal quantum computer},
  author={Deutsch, David},
  journal={Proceedings of the Royal Society of London. A. Mathematical and Physical Sciences},
  volume={400},
  number={1818},
  pages={97--117},
  year={1985},
  publisher={The Royal Society London}
}

@article{bernstein,
  title={Quantum complexity theory},
  author={Bernstein, Ethan and Vazirani, Umesh},
  journal={SIAM Journal on computing},
  volume={26},
  number={5},
  pages={1411--1473},
  year={1997},
  publisher={SIAM}
}


@article{bennett,
  title={Strengths and weaknesses of quantum computing},
  author={Bennett, Charles H and Bernstein, Ethan and Brassard, Gilles and Vazirani, Umesh},
  journal={SIAM journal on Computing},
  volume={26},
  number={5},
  pages={1510--1523},
  year={1997},
  publisher={SIAM}
}

@article{porter,
  title = {Fluctuations of Nuclear Reaction Widths},
  author = {Porter, C. E. and Thomas, R. G.},
  journal = {Phys. Rev.},
  volume = {104},
  issue = {2},
  pages = {483--491},
  numpages = {0},
  year = {1956},
  month = {Oct},
  publisher = {American Physical Society},
  doi = {10.1103/PhysRev.104.483},
  url = {https://link.aps.org/doi/10.1103/PhysRev.104.483}
}

@article{boxio,
  title={Characterizing quantum supremacy in near-term devices},
  author={Boixo, Sergio and Isakov, Sergei V and Smelyanskiy, Vadim N and Babbush, Ryan and Ding, Nan and Jiang, Zhang and Bremner, Michael J and Martinis, John M and Neven, Hartmut},
  journal={Nature Physics},
  volume={14},
  number={6},
  pages={595},
  year={2018},
  publisher={Nature Publishing Group}
}

@article{aaronson,
  title={Complexity-theoretic foundations of quantum supremacy experiments},
  author={Aaronson, Scott and Chen, Lijie},
  journal={arXiv preprint arXiv:1612.05903},
  year={2016}
}

@article{google,
  title={Quantum supremacy using a programmable superconducting processor},
  author={Arute, Frank and Arya, Kunal and Babbush, Ryan and Bacon, Dave and Bardin, Joseph C and Barends, Rami and Biswas, Rupak and Boixo, Sergio and Brandao, Fernando GSL and Buell, David A and others},
  journal={Nature},
  volume={574},
  number={7779},
  pages={505--510},
  year={2019},
  publisher={Nature Publishing Group}
}

@misc{ibm,
    title={Leveraging Secondary Storage to Simulate Deep 54-qubit Sycamore Circuits},
    author={Edwin Pednault and John A. Gunnels and Giacomo Nannicini and Lior Horesh and Robert Wisnieff},
    year={2019},
    eprint={1910.09534},
    archivePrefix={arXiv},
    primaryClass={quant-ph}
}


@online{aaronsonfaq,
  author = {Scott Aaronson},
  title = {Scott’s Supreme Quantum Supremacy FAQ},
  url = {https://www.scottaaronson.com/blog/?p=4317},
  urldate = {2019-10-19}
}
